<?xml version="1.0" encoding="UTF-8"?><collection xmlns="http://www.loc.gov/MARC21/slim"><record><leader>00549nam--2200193-i-4500</leader><controlfield tag="001">000030675</controlfield><controlfield tag="002">20161230</controlfield><controlfield tag="005">20161230201038</controlfield><controlfield tag="008">060222s1000------------r-----000-0-eng-d</controlfield><datafield ind1=" " ind2=" " tag="040"><subfield code="a">IFIN-HH</subfield></datafield><datafield ind1=" " ind2=" " tag="080"><subfield code="a">539</subfield></datafield><datafield ind1="1" ind2=" " tag="100"><subfield code="a">Littlefield, T.A., Thorley, N</subfield></datafield><datafield ind1="1" ind2="0" tag="245"><subfield code="a">Atomic and nuclear physics</subfield><subfield code="b">An introduction in s.i. units</subfield><subfield code="c">T.a. littlefield, n. thorley</subfield></datafield><datafield ind1=" " ind2=" " tag="250"><subfield code="a">Second Edition</subfield></datafield><datafield ind1=" " ind2=" " tag="260"><subfield code="a">London</subfield><subfield code="b">D.Van Nostrand Company Ltd</subfield><subfield code="c">1968</subfield></datafield><datafield ind1=" " ind2=" " tag="300"><subfield code="a">VIII+476P</subfield></datafield><datafield ind1="1" ind2=" " tag="700"><subfield code="a">Thorley, N</subfield></datafield><datafield ind1=" " ind2=" " tag="852"><subfield code="a">29725</subfield><subfield code="c">539</subfield></datafield><datafield ind1=" " ind2=" " tag="CAT"><subfield code="a">Sys</subfield><subfield code="c">20111005</subfield><subfield code="h">154913</subfield></datafield></record></collection>